%% This BibTeX bibliography file was created using BibDesk.
%% http://bibdesk.sourceforge.net/


%% Created for Dan F-M at 2015-03-13 14:17:11 -0400 


%% Saved with string encoding Unicode (UTF-8) 



@article{Bastien:2014,
	Adsnote = {Provided by the SAO/NASA Astrophysics Data System},
	Adsurl = {http://adsabs.harvard.edu/abs/2014ApJ...788L...9B},
	Author = {{Bastien}, F.~A. and {Stassun}, K.~G. and {Pepper}, J.},
	Date-Added = {2015-03-13 18:11:50 +0000},
	Date-Modified = {2015-03-13 18:11:52 +0000},
	Doi = {10.1088/2041-8205/788/1/L9},
	Eid = {L9},
	Journal = {\apjl},
	Keywords = {planets and satellites: fundamental parameters, stars: fundamental parameters, techniques: photometric},
	Month = jun,
	Pages = {L9},
	Title = {{Larger Planet Radii Inferred from Stellar ''Flicker'' Brightness Variations of Bright Planet-host Stars}},
	Volume = 788,
	Year = 2014,
	Bdsk-Url-1 = {http://dx.doi.org/10.1088/2041-8205/788/1/L9}}

@article{Lewis:1979,
	Author = {Lewis, Peter A and Shedler, Gerald S},
	Date-Added = {2015-03-13 18:09:39 +0000},
	Date-Modified = {2015-03-13 18:09:40 +0000},
	Journal = {Naval Research Logistics Quarterly},
	Number = {3},
	Pages = {403--413},
	Publisher = {Wiley Online Library},
	Title = {Simulation of nonhomogeneous Poisson processes by thinning},
	Volume = {26},
	Year = {1979}}

@article{Kipping:2014,
	Adsnote = {Provided by the SAO/NASA Astrophysics Data System},
	Adsurl = {http://adsabs.harvard.edu/abs/2014MNRAS.444.2263K},
	Archiveprefix = {arXiv},
	Author = {{Kipping}, D.~M.},
	Date-Added = {2015-03-13 18:08:30 +0000},
	Date-Modified = {2015-03-13 18:08:32 +0000},
	Doi = {10.1093/mnras/stu1561},
	Eprint = {1408.1393},
	Journal = {\mnras},
	Keywords = {methods: statistical, techniques: photometric, techniques: radial velocities, eclipses, planets and satellites: fundamental parameters},
	Month = nov,
	Pages = {2263-2269},
	Primaryclass = {astro-ph.EP},
	Title = {{Bayesian priors for the eccentricity of transiting planets}},
	Volume = 444,
	Year = 2014,
	Bdsk-Url-1 = {http://dx.doi.org/10.1093/mnras/stu1561}}

@article{Murray:2010a,
	Author = {Iain Murray and Ryan Prescott Adams},
	Date-Added = {2015-03-13 18:06:33 +0000},
	Date-Modified = {2015-03-13 18:15:59 +0000},
	Editor = {J. Lafferty and C. K. I. Williams and R. Zemel and J. Shawe-Taylor and A. Culotta},
	Journal = {Advances in Neural Information Processing Systems},
	Pages = {1723--1731},
	Title = {Slice sampling covariance hyperparameters of latent {G}aussian models},
	Volume = {23},
	Year = {2010}}

@article{Murray:2010,
	Author = {Iain Murray and Ryan Prescott Adams and David J.C. MacKay},
	Date-Added = {2015-03-13 18:05:23 +0000},
	Date-Modified = {2015-03-13 18:05:25 +0000},
	Journal = {JMLR: W\&CP},
	Pages = {541--548},
	Title = {Elliptical slice sampling},
	Volume = {9},
	Year = {2010}}

@article{Ambikasaran:2014,
	Adsnote = {Provided by the SAO/NASA Astrophysics Data System},
	Adsurl = {http://adsabs.harvard.edu/abs/2014arXiv1403.6015A},
	Archiveprefix = {arXiv},
	Author = {{Ambikasaran}, S. and {Foreman-Mackey}, D. and {Greengard}, L. and {Hogg}, D.~W. and {O'Neil}, M.},
	Date-Added = {2015-03-13 18:03:57 +0000},
	Date-Modified = {2015-03-13 18:03:58 +0000},
	Eprint = {1403.6015},
	Journal = {ArXiv e-prints},
	Keywords = {Mathematics - Numerical Analysis, Astrophysics - Instrumentation and Methods for Astrophysics, Mathematics - Statistics Theory},
	Month = mar,
	Primaryclass = {math.NA},
	Title = {{Fast Direct Methods for Gaussian Processes and the Analysis of NASA Kepler Mission Data}},
	Year = 2014}

@article{Gibson:2012,
	Adsnote = {Provided by the SAO/NASA Astrophysics Data System},
	Adsurl = {http://adsabs.harvard.edu/abs/2012MNRAS.419.2683G},
	Archiveprefix = {arXiv},
	Author = {{Gibson}, N.~P. and {Aigrain}, S. and {Roberts}, S. and {Evans}, T.~M. and {Osborne}, M. and {Pont}, F.},
	Date-Added = {2015-03-13 18:03:19 +0000},
	Date-Modified = {2015-03-13 18:03:21 +0000},
	Doi = {10.1111/j.1365-2966.2011.19915.x},
	Eprint = {1109.3251},
	Journal = {\mnras},
	Keywords = {methods: data analysis, techniques: spectroscopic, stars: individual: HD 189733, planetary systems},
	Month = jan,
	Pages = {2683-2694},
	Primaryclass = {astro-ph.EP},
	Title = {{A Gaussian process framework for modelling instrumental systematics: application to transmission spectroscopy}},
	Volume = 419,
	Year = 2012,
	Bdsk-Url-1 = {http://dx.doi.org/10.1111/j.1365-2966.2011.19915.x}}

@book{Rasmussen:2006,
	Author = {Carl Edward Rasmussen and Christopher K. I. Williams},
	Date-Added = {2015-03-13 18:02:13 +0000},
	Date-Modified = {2015-03-13 18:17:10 +0000},
	Publisher = {The MIT Press},
	Title = {Gaussian processes for machine learning},
	Year = {2006}}

@article{Lissauer:2011,
	Adsnote = {Provided by the SAO/NASA Astrophysics Data System},
	Adsurl = {http://adsabs.harvard.edu/abs/2011ApJS..197....8L},
	Archiveprefix = {arXiv},
	Author = {{Lissauer}, J.~J. and {Ragozzine}, D. and {Fabrycky}, D.~C. and {Steffen}, J.~H. and {Ford}, E.~B. and {Jenkins}, J.~M. and {Shporer}, A. and {Holman}, M.~J. and {Rowe}, J.~F. and {Quintana}, E.~V. and {Batalha}, N.~M. and {Borucki}, W.~J. and {Bryson}, S.~T. and {Caldwell}, D.~A. and {Carter}, J.~A. and {Ciardi}, D. and {Dunham}, E.~W. and {Fortney}, J.~J. and {Gautier}, III, T.~N. and {Howell}, S.~B. and {Koch}, D.~G. and {Latham}, D.~W. and {Marcy}, G.~W. and {Morehead}, R.~C. and {Sasselov}, D.},
	Date-Added = {2015-03-13 18:01:17 +0000},
	Date-Modified = {2015-03-13 18:01:18 +0000},
	Doi = {10.1088/0067-0049/197/1/8},
	Eid = {8},
	Eprint = {1102.0543},
	Journal = {\apjs},
	Keywords = {celestial mechanics, planets and satellites: dynamical evolution and stability, planets and satellites: fundamental parameters, planets and satellites: general, planetary systems},
	Month = nov,
	Pages = {8},
	Primaryclass = {astro-ph.EP},
	Title = {{Architecture and Dynamics of Kepler's Candidate Multiple Transiting Planet Systems}},
	Volume = 197,
	Year = 2011,
	Bdsk-Url-1 = {http://dx.doi.org/10.1088/0067-0049/197/1/8}}

@article{Hogg:2010a,
	Adsnote = {Provided by the SAO/NASA Astrophysics Data System},
	Adsurl = {http://adsabs.harvard.edu/abs/2010ApJ...725.2166H},
	Archiveprefix = {arXiv},
	Author = {{Hogg}, D.~W. and {Myers}, A.~D. and {Bovy}, J.},
	Date-Added = {2015-03-13 18:00:38 +0000},
	Date-Modified = {2015-03-13 18:00:40 +0000},
	Doi = {10.1088/0004-637X/725/2/2166},
	Eprint = {1008.4146},
	Journal = {\apj},
	Keywords = {binaries: general, methods: data analysis, methods: statistical, planetary systems, planets and satellites: fundamental parameters, stars: kinematics and dynamics},
	Month = dec,
	Pages = {2166-2175},
	Primaryclass = {astro-ph.SR},
	Title = {{Inferring the Eccentricity Distribution}},
	Volume = 725,
	Year = 2010,
	Bdsk-Url-1 = {http://dx.doi.org/10.1088/0004-637X/725/2/2166}}

@article{Tabachnik:2002,
	Adsnote = {Provided by the SAO/NASA Astrophysics Data System},
	Adsurl = {http://adsabs.harvard.edu/abs/2002MNRAS.335..151T},
	Author = {{Tabachnik}, S. and {Tremaine}, S.},
	Date-Added = {2015-03-13 17:59:02 +0000},
	Date-Modified = {2015-03-13 17:59:03 +0000},
	Doi = {10.1046/j.1365-8711.2002.05610.x},
	Eprint = {astro-ph/0107482},
	Journal = {\mnras},
	Keywords = {planetary systems, planetary systems: formation, planetary systems: protoplanetary discs},
	Month = sep,
	Pages = {151-158},
	Title = {{Maximum-likelihood method for estimating the mass and period distributions of extrasolar planets}},
	Volume = 335,
	Year = 2002,
	Bdsk-Url-1 = {http://dx.doi.org/10.1046/j.1365-8711.2002.05610.x}}

@article{Swift:2013,
	Adsnote = {Provided by the SAO/NASA Astrophysics Data System},
	Adsurl = {http://adsabs.harvard.edu/abs/2013ApJ...764..105S},
	Archiveprefix = {arXiv},
	Author = {{Swift}, J.~J. and {Johnson}, J.~A. and {Morton}, T.~D. and {Crepp}, J.~R. and {Montet}, B.~T. and {Fabrycky}, D.~C. and {Muirhead}, P.~S.},
	Date-Added = {2015-03-13 17:58:11 +0000},
	Date-Modified = {2015-03-13 17:58:12 +0000},
	Doi = {10.1088/0004-637X/764/1/105},
	Eid = {105},
	Eprint = {1301.0023},
	Journal = {\apj},
	Keywords = {methods: statistical, planetary systems, planets and satellites: detection, planets and satellites: formation, stars: individual: KID 9787239/KOI-952/Kepler-32},
	Month = feb,
	Pages = {105},
	Primaryclass = {astro-ph.EP},
	Title = {{Characterizing the Cool KOIs. IV. Kepler-32 as a Prototype for the Formation of Compact Planetary Systems throughout the Galaxy}},
	Volume = 764,
	Year = 2013,
	Bdsk-Url-1 = {http://dx.doi.org/10.1088/0004-637X/764/1/105}}

@article{Christiansen:2013,
	Adsnote = {Provided by the SAO/NASA Astrophysics Data System},
	Adsurl = {http://adsabs.harvard.edu/abs/2013ApJS..207...35C},
	Archiveprefix = {arXiv},
	Author = {{Christiansen}, J.~L. and {Clarke}, B.~D. and {Burke}, C.~J. and {Jenkins}, J.~M. and {Barclay}, T.~S. and {Ford}, E.~B. and {Haas}, M.~R. and {Sabale}, A. and {Seader}, S. and {Claiborne Smith}, J. and {Tenenbaum}, P. and {Twicken}, J.~D. and {Kamal Uddin}, A. and {Thompson}, S.~E.},
	Date-Added = {2015-03-13 17:57:38 +0000},
	Date-Modified = {2015-03-13 17:57:39 +0000},
	Doi = {10.1088/0067-0049/207/2/35},
	Eid = {35},
	Eprint = {1303.0255},
	Journal = {\apjs},
	Keywords = {methods: data analysis, planets and satellites: detection},
	Month = aug,
	Pages = {35},
	Primaryclass = {astro-ph.EP},
	Title = {{Measuring Transit Signal Recovery in the Kepler Pipeline. I. Individual Events}},
	Volume = 207,
	Year = 2013,
	Bdsk-Url-1 = {http://dx.doi.org/10.1088/0067-0049/207/2/35}}

@article{Dressing:2013,
	Adsnote = {Provided by the SAO/NASA Astrophysics Data System},
	Adsurl = {http://adsabs.harvard.edu/abs/2013ApJ...767...95D},
	Archiveprefix = {arXiv},
	Author = {{Dressing}, C.~D. and {Charbonneau}, D.},
	Date-Added = {2015-03-13 17:56:38 +0000},
	Date-Modified = {2015-03-13 17:56:39 +0000},
	Doi = {10.1088/0004-637X/767/1/95},
	Eid = {95},
	Eprint = {1302.1647},
	Journal = {\apj},
	Keywords = {catalogs, methods: data analysis, planetary systems, stars: low-mass, surveys, techniques: photometric},
	Month = apr,
	Pages = {95},
	Primaryclass = {astro-ph.EP},
	Title = {{The Occurrence Rate of Small Planets around Small Stars}},
	Volume = 767,
	Year = 2013,
	Bdsk-Url-1 = {http://dx.doi.org/10.1088/0004-637X/767/1/95}}

@article{Howard:2012,
	Adsnote = {Provided by the SAO/NASA Astrophysics Data System},
	Adsurl = {http://adsabs.harvard.edu/abs/2012ApJS..201...15H},
	Archiveprefix = {arXiv},
	Author = {{Howard}, A.~W. and {Marcy}, G.~W. and {Bryson}, S.~T. and {Jenkins}, J.~M. and {Rowe}, J.~F. and {Batalha}, N.~M. and {Borucki}, W.~J. and {Koch}, D.~G. and {Dunham}, E.~W. and {Gautier}, III, T.~N. and {Van Cleve}, J. and {Cochran}, W.~D. and {Latham}, D.~W. and {Lissauer}, J.~J. and {Torres}, G. and {Brown}, T.~M. and {Gilliland}, R.~L. and {Buchhave}, L.~A. and {Caldwell}, D.~A. and {Christensen-Dalsgaard}, J. and {Ciardi}, D. and {Fressin}, F. and {Haas}, M.~R. and {Howell}, S.~B. and {Kjeldsen}, H. and {Seager}, S. and {Rogers}, L. and {Sasselov}, D.~D. and {Steffen}, J.~H. and {Basri}, G.~S. and {Charbonneau}, D. and {Christiansen}, J. and {Clarke}, B. and {Dupree}, A. and {Fabrycky}, D.~C. and {Fischer}, D.~A. and {Ford}, E.~B. and {Fortney}, J.~J. and {Tarter}, J. and {Girouard}, F.~R. and {Holman}, M.~J. and {Johnson}, J.~A. and {Klaus}, T.~C. and {Machalek}, P. and {Moorhead}, A.~V. and {Morehead}, R.~C. and {Ragozzine}, D. and {Tenenbaum}, P. and {Twicken}, J.~D. and {Quinn}, S.~N. and {Isaacson}, H. and {Shporer}, A. and {Lucas}, P.~W. and {Walkowicz}, L.~M. and {Welsh}, W.~F. and {Boss}, A. and {Devore}, E. and {Gould}, A. and {Smith}, J.~C. and {Morris}, R.~L. and {Prsa}, A. and {Morton}, T.~D. and {Still}, M. and {Thompson}, S.~E. and {Mullally}, F. and {Endl}, M. and {MacQueen}, P.~J.},
	Date-Added = {2015-03-13 17:55:56 +0000},
	Date-Modified = {2015-03-13 17:55:58 +0000},
	Doi = {10.1088/0067-0049/201/2/15},
	Eid = {15},
	Eprint = {1103.2541},
	Journal = {\apjs},
	Keywords = {planetary systems, stars: statistics, techniques: photometric},
	Month = aug,
	Pages = {15},
	Primaryclass = {astro-ph.EP},
	Title = {{Planet Occurrence within 0.25 AU of Solar-type Stars from Kepler}},
	Volume = 201,
	Year = 2012,
	Bdsk-Url-1 = {http://dx.doi.org/10.1088/0067-0049/201/2/15}}

@article{Youdin:2011,
	Adsnote = {Provided by the SAO/NASA Astrophysics Data System},
	Adsurl = {http://adsabs.harvard.edu/abs/2011ApJ...742...38Y},
	Archiveprefix = {arXiv},
	Author = {{Youdin}, A.~N.},
	Date-Added = {2015-03-13 17:55:17 +0000},
	Date-Modified = {2015-03-13 17:55:18 +0000},
	Doi = {10.1088/0004-637X/742/1/38},
	Eid = {38},
	Eprint = {1105.1782},
	Journal = {\apj},
	Keywords = {methods: statistical, planetary systems, planets and satellites: detection, planets and satellites: dynamical evolution and stability, planets and satellites: formation},
	Month = nov,
	Pages = {38},
	Primaryclass = {astro-ph.EP},
	Title = {{The Exoplanet Census: A General Method Applied to Kepler}},
	Volume = 742,
	Year = 2011,
	Bdsk-Url-1 = {http://dx.doi.org/10.1088/0004-637X/742/1/38}}

@article{Tremaine:2012,
	Adsnote = {Provided by the SAO/NASA Astrophysics Data System},
	Adsurl = {http://adsabs.harvard.edu/abs/2012AJ....143...94T},
	Archiveprefix = {arXiv},
	Author = {{Tremaine}, S. and {Dong}, S.},
	Date-Added = {2015-03-13 17:54:39 +0000},
	Date-Modified = {2015-03-13 17:54:40 +0000},
	Doi = {10.1088/0004-6256/143/4/94},
	Eid = {94},
	Eprint = {1106.5403},
	Journal = {\aj},
	Keywords = {methods: statistical, planets and satellites: detection, planets and satellites: fundamental parameters},
	Month = apr,
	Pages = {94},
	Primaryclass = {astro-ph.EP},
	Title = {{The Statistics of Multi-planet Systems}},
	Volume = 143,
	Year = 2012,
	Bdsk-Url-1 = {http://dx.doi.org/10.1088/0004-6256/143/4/94}}

@article{Traub:2012,
	Adsnote = {Provided by the SAO/NASA Astrophysics Data System},
	Adsurl = {http://adsabs.harvard.edu/abs/2012ApJ...745...20T},
	Archiveprefix = {arXiv},
	Author = {{Traub}, W.~A.},
	Date-Added = {2015-03-13 17:54:04 +0000},
	Date-Modified = {2015-03-13 17:54:05 +0000},
	Doi = {10.1088/0004-637X/745/1/20},
	Eid = {20},
	Eprint = {1109.4682},
	Journal = {\apj},
	Keywords = {astronomical databases: miscellaneous, planets and satellites: detection, stars: statistics},
	Month = jan,
	Pages = {20},
	Primaryclass = {astro-ph.EP},
	Title = {{Terrestrial, Habitable-zone Exoplanet Frequency from Kepler}},
	Volume = 745,
	Year = 2012,
	Bdsk-Url-1 = {http://dx.doi.org/10.1088/0004-637X/745/1/20}}

@article{Catanzarite:2011,
	Adsnote = {Provided by the SAO/NASA Astrophysics Data System},
	Adsurl = {http://adsabs.harvard.edu/abs/2011ApJ...738..151C},
	Archiveprefix = {arXiv},
	Author = {{Catanzarite}, J. and {Shao}, M.},
	Date-Added = {2015-03-13 17:53:23 +0000},
	Date-Modified = {2015-03-13 17:53:24 +0000},
	Doi = {10.1088/0004-637X/738/2/151},
	Eid = {151},
	Eprint = {1103.1443},
	Journal = {\apj},
	Keywords = {methods: data analysis, methods: statistical, planets and satellites: fundamental parameters, planetary systems, stars: solar-type, techniques: photometric},
	Month = sep,
	Pages = {151},
	Primaryclass = {astro-ph.EP},
	Title = {{The Occurrence Rate of Earth Analog Planets Orbiting Sun-like Stars}},
	Volume = 738,
	Year = 2011,
	Bdsk-Url-1 = {http://dx.doi.org/10.1088/0004-637X/738/2/151}}

@article{Fressin:2013,
	Adsnote = {Provided by the SAO/NASA Astrophysics Data System},
	Adsurl = {http://adsabs.harvard.edu/abs/2013ApJ...766...81F},
	Archiveprefix = {arXiv},
	Author = {{Fressin}, F. and {Torres}, G. and {Charbonneau}, D. and {Bryson}, S.~T. and {Christiansen}, J. and {Dressing}, C.~D. and {Jenkins}, J.~M. and {Walkowicz}, L.~M. and {Batalha}, N.~M.},
	Date-Added = {2015-03-13 17:52:16 +0000},
	Date-Modified = {2015-03-13 17:52:17 +0000},
	Doi = {10.1088/0004-637X/766/2/81},
	Eid = {81},
	Eprint = {1301.0842},
	Journal = {\apj},
	Keywords = {binaries: eclipsing, methods: data analysis, methods: statistical, planetary systems},
	Month = apr,
	Pages = {81},
	Primaryclass = {astro-ph.EP},
	Title = {{The False Positive Rate of Kepler and the Occurrence of Planets}},
	Volume = 766,
	Year = 2013,
	Bdsk-Url-1 = {http://dx.doi.org/10.1088/0004-637X/766/2/81}}

@article{Morton:2014,
	Adsnote = {Provided by the SAO/NASA Astrophysics Data System},
	Adsurl = {http://adsabs.harvard.edu/abs/2014ApJ...791...10M},
	Archiveprefix = {arXiv},
	Author = {{Morton}, T.~D. and {Swift}, J.},
	Date-Added = {2015-03-13 17:51:07 +0000},
	Date-Modified = {2015-03-13 17:51:08 +0000},
	Doi = {10.1088/0004-637X/791/1/10},
	Eid = {10},
	Eprint = {1303.3013},
	Journal = {\apj},
	Keywords = {methods: statistical, planets and satellites: fundamental parameters},
	Month = aug,
	Pages = {10},
	Primaryclass = {astro-ph.EP},
	Title = {{The Radius Distribution of Planets around Cool Stars}},
	Volume = 791,
	Year = 2014,
	Bdsk-Url-1 = {http://dx.doi.org/10.1088/0004-637X/791/1/10}}

@article{Morton:2011,
	Adsnote = {Provided by the SAO/NASA Astrophysics Data System},
	Adsurl = {http://adsabs.harvard.edu/abs/2011ApJ...738..170M},
	Archiveprefix = {arXiv},
	Author = {{Morton}, T.~D. and {Johnson}, J.~A.},
	Date-Added = {2015-03-13 17:50:07 +0000},
	Date-Modified = {2015-03-13 17:50:07 +0000},
	Doi = {10.1088/0004-637X/738/2/170},
	Eid = {170},
	Eprint = {1101.5630},
	Journal = {\apj},
	Keywords = {methods: statistical, planets and satellites: general, stars: statistics},
	Month = sep,
	Pages = {170},
	Primaryclass = {astro-ph.EP},
	Title = {{On the Low False Positive Probabilities of Kepler Planet Candidates}},
	Volume = 738,
	Year = 2011,
	Bdsk-Url-1 = {http://dx.doi.org/10.1088/0004-637X/738/2/170}}

@article{Morton:2012,
	Adsnote = {Provided by the SAO/NASA Astrophysics Data System},
	Adsurl = {http://adsabs.harvard.edu/abs/2012ApJ...761....6M},
	Archiveprefix = {arXiv},
	Author = {{Morton}, T.~D.},
	Date-Added = {2015-03-13 17:48:34 +0000},
	Date-Modified = {2015-03-13 17:48:35 +0000},
	Doi = {10.1088/0004-637X/761/1/6},
	Eid = {6},
	Eprint = {1206.1568},
	Journal = {\apj},
	Keywords = {planetary systems, stars: statistics},
	Month = dec,
	Pages = {6},
	Primaryclass = {astro-ph.EP},
	Title = {{An Efficient Automated Validation Procedure for Exoplanet Transit Candidates}},
	Volume = 761,
	Year = 2012,
	Bdsk-Url-1 = {http://dx.doi.org/10.1088/0004-637X/761/1/6}}

@article{Burke:2014,
	Adsnote = {Provided by the SAO/NASA Astrophysics Data System},
	Adsurl = {http://adsabs.harvard.edu/abs/2014ApJS..210...19B},
	Archiveprefix = {arXiv},
	Author = {{Burke}, C.~J. and {Bryson}, S.~T. and {Mullally}, F. and {Rowe}, J.~F. and {Christiansen}, J.~L. and {Thompson}, S.~E. and {Coughlin}, J.~L. and {Haas}, M.~R. and {Batalha}, N.~M. and {Caldwell}, D.~A. and {Jenkins}, J.~M. and {Still}, M. and {Barclay}, T. and {Borucki}, W.~J. and {Chaplin}, W.~J. and {Ciardi}, D.~R. and {Clarke}, B.~D. and {Cochran}, W.~D. and {Demory}, B.-O. and {Esquerdo}, G.~A. and {Gautier}, III, T.~N. and {Gilliland}, R.~L. and {Girouard}, F.~R. and {Havel}, M. and {Henze}, C.~E. and {Howell}, S.~B. and {Huber}, D. and {Latham}, D.~W. and {Li}, J. and {Morehead}, R.~C. and {Morton}, T.~D. and {Pepper}, J. and {Quintana}, E. and {Ragozzine}, D. and {Seader}, S.~E. and {Shah}, Y. and {Shporer}, A. and {Tenenbaum}, P. and {Twicken}, J.~D. and {Wolfgang}, A.},
	Date-Added = {2015-03-13 17:47:38 +0000},
	Date-Modified = {2015-03-13 17:47:39 +0000},
	Doi = {10.1088/0067-0049/210/2/19},
	Eid = {19},
	Eprint = {1312.5358},
	Journal = {\apjs},
	Keywords = {catalogs, eclipses, planetary systems, space vehicles},
	Month = feb,
	Pages = {19},
	Primaryclass = {astro-ph.EP},
	Title = {{Planetary Candidates Observed by Kepler IV: Planet Sample from Q1-Q8 (22 Months)}},
	Volume = 210,
	Year = 2014,
	Bdsk-Url-1 = {http://dx.doi.org/10.1088/0067-0049/210/2/19}}

@article{Batalha:2013,
	Adsnote = {Provided by the SAO/NASA Astrophysics Data System},
	Adsurl = {http://adsabs.harvard.edu/abs/2013ApJS..204...24B},
	Archiveprefix = {arXiv},
	Author = {{Batalha}, N.~M. and {Rowe}, J.~F. and {Bryson}, S.~T. and {Barclay}, T. and {Burke}, C.~J. and {Caldwell}, D.~A. and {Christiansen}, J.~L. and {Mullally}, F. and {Thompson}, S.~E. and {Brown}, T.~M. and {Dupree}, A.~K. and {Fabrycky}, D.~C. and {Ford}, E.~B. and {Fortney}, J.~J. and {Gilliland}, R.~L. and {Isaacson}, H. and {Latham}, D.~W. and {Marcy}, G.~W. and {Quinn}, S.~N. and {Ragozzine}, D. and {Shporer}, A. and {Borucki}, W.~J. and {Ciardi}, D.~R. and {Gautier}, III, T.~N. and {Haas}, M.~R. and {Jenkins}, J.~M. and {Koch}, D.~G. and {Lissauer}, J.~J. and {Rapin}, W. and {Basri}, G.~S. and {Boss}, A.~P. and {Buchhave}, L.~A. and {Carter}, J.~A. and {Charbonneau}, D. and {Christensen-Dalsgaard}, J. and {Clarke}, B.~D. and {Cochran}, W.~D. and {Demory}, B.-O. and {Desert}, J.-M. and {Devore}, E. and {Doyle}, L.~R. and {Esquerdo}, G.~A. and {Everett}, M. and {Fressin}, F. and {Geary}, J.~C. and {Girouard}, F.~R. and {Gould}, A. and {Hall}, J.~R. and {Holman}, M.~J. and {Howard}, A.~W. and {Howell}, S.~B. and {Ibrahim}, K.~A. and {Kinemuchi}, K. and {Kjeldsen}, H. and {Klaus}, T.~C. and {Li}, J. and {Lucas}, P.~W. and {Meibom}, S. and {Morris}, R.~L. and {Pr{\v s}a}, A. and {Quintana}, E. and {Sanderfer}, D.~T. and {Sasselov}, D. and {Seader}, S.~E. and {Smith}, J.~C. and {Steffen}, J.~H. and {Still}, M. and {Stumpe}, M.~C. and {Tarter}, J.~C. and {Tenenbaum}, P. and {Torres}, G. and {Twicken}, J.~D. and {Uddin}, K. and {Van Cleve}, J. and {Walkowicz}, L. and {Welsh}, W.~F.},
	Date-Added = {2015-03-13 17:46:30 +0000},
	Date-Modified = {2015-03-13 17:46:31 +0000},
	Doi = {10.1088/0067-0049/204/2/24},
	Eid = {24},
	Eprint = {1202.5852},
	Journal = {\apjs},
	Keywords = {catalogs, eclipses, planetary systems, space vehicles, techniques: photometric},
	Month = feb,
	Pages = {24},
	Primaryclass = {astro-ph.EP},
	Title = {{Planetary Candidates Observed by Kepler. III. Analysis of the First 16 Months of Data}},
	Volume = 204,
	Year = 2013,
	Bdsk-Url-1 = {http://dx.doi.org/10.1088/0067-0049/204/2/24}}

@article{Dong:2013,
	Adsnote = {Provided by the SAO/NASA Astrophysics Data System},
	Adsurl = {http://adsabs.harvard.edu/abs/2013ApJ...778...53D},
	Archiveprefix = {arXiv},
	Author = {{Dong}, S. and {Zhu}, Z.},
	Date-Added = {2015-03-13 17:45:27 +0000},
	Date-Modified = {2015-03-13 17:45:28 +0000},
	Doi = {10.1088/0004-637X/778/1/53},
	Eid = {53},
	Eprint = {1212.4853},
	Journal = {\apj},
	Keywords = {planetary systems, stars: statistics, techniques: photometric},
	Month = nov,
	Pages = {53},
	Primaryclass = {astro-ph.EP},
	Title = {{Fast Rise of ''Neptune-size'' Planets (4-8 R $_{⊕}$) from P \~{} 10 to \~{}250 Days{\mdash}Statistics of Kepler Planet Candidates up to \~{}0.75 AU}},
	Volume = 778,
	Year = 2013,
	Bdsk-Url-1 = {http://dx.doi.org/10.1088/0004-637X/778/1/53}}

@article{Petigura:2013a,
	Adsnote = {Provided by the SAO/NASA Astrophysics Data System},
	Adsurl = {http://adsabs.harvard.edu/abs/2013ApJ...770...69P},
	Archiveprefix = {arXiv},
	Author = {{Petigura}, E.~A. and {Marcy}, G.~W. and {Howard}, A.~W.},
	Date-Added = {2015-03-13 17:40:30 +0000},
	Date-Modified = {2015-03-13 17:40:32 +0000},
	Doi = {10.1088/0004-637X/770/1/69},
	Eid = {69},
	Eprint = {1304.0460},
	Journal = {\apj},
	Keywords = {planetary systems, stars: statistics, techniques: photometric},
	Month = jun,
	Pages = {69},
	Primaryclass = {astro-ph.EP},
	Title = {{A Plateau in the Planet Population below Twice the Size of Earth}},
	Volume = 770,
	Year = 2013,
	Bdsk-Url-1 = {http://dx.doi.org/10.1088/0004-637X/770/1/69}}

@article{Petigura:2013,
	Adsnote = {Provided by the SAO/NASA Astrophysics Data System},
	Adsurl = {http://adsabs.harvard.edu/abs/2013PNAS..11019273P},
	Archiveprefix = {arXiv},
	Author = {{Petigura}, E.~A. and {Howard}, A.~W. and {Marcy}, G.~W.},
	Date-Added = {2015-03-13 17:40:14 +0000},
	Date-Modified = {2015-03-13 17:40:15 +0000},
	Eprint = {1311.6806},
	Journal = {Proceedings of the National Academy of Science},
	Keywords = {extrasolar planets, astrobiology},
	Month = nov,
	Pages = {19273-19278},
	Primaryclass = {astro-ph.EP},
	Title = {{Prevalence of Earth-size planets orbiting Sun-like stars}},
	Volume = 110,
	Year = 2013}

@article{Brewer:2011,
	Author = {Brewer, Brendon J and P{\'a}rtay, Livia B and Cs{\'a}nyi, G{\'a}bor},
	Date-Added = {2015-03-13 17:00:18 +0000},
	Date-Modified = {2015-03-13 17:00:19 +0000},
	Journal = {Statistics and Computing},
	Number = {4},
	Pages = {649--656},
	Publisher = {Springer},
	Title = {Diffusive nested sampling},
	Volume = {21},
	Year = {2011}}

@article{Pasarica:2010,
	Author = {Pasarica, Cristian and Gelman, Andrew},
	Date-Added = {2015-03-13 16:58:03 +0000},
	Date-Modified = {2015-03-13 16:58:04 +0000},
	Journal = {Statistica Sinica},
	Number = {1},
	Pages = {343},
	Title = {Adaptively scaling the Metropolis algorithm using expected squared jumped distance},
	Volume = {20},
	Year = {2010}}

@misc{Gelman:1996,
	Author = {Gelman, Andrew and Roberts, GO and Gilks, WR},
	Date-Added = {2015-03-13 16:57:23 +0000},
	Date-Modified = {2015-03-13 16:57:24 +0000},
	Publisher = {Oxford University Press Oxford},
	Title = {Bayesian statistics 5},
	Year = {1996}}

@article{Cowles:1996,
	Author = {Cowles, Mary Kathryn and Carlin, Bradley P},
	Date-Added = {2015-03-13 16:55:55 +0000},
	Date-Modified = {2015-03-13 16:55:57 +0000},
	Journal = {Journal of the American Statistical Association},
	Number = {434},
	Pages = {883--904},
	Publisher = {Taylor \& Francis},
	Title = {Markov chain Monte Carlo convergence diagnostics: a comparative review},
	Volume = {91},
	Year = {1996}}

@article{Hogg:2010,
	Adsnote = {Provided by the SAO/NASA Astrophysics Data System},
	Adsurl = {http://adsabs.harvard.edu/abs/2010arXiv1008.4686H},
	Archiveprefix = {arXiv},
	Author = {{Hogg}, D.~W. and {Bovy}, J. and {Lang}, D.},
	Date-Added = {2015-03-13 16:55:03 +0000},
	Date-Modified = {2015-03-13 16:55:04 +0000},
	Eprint = {1008.4686},
	Journal = {ArXiv e-prints},
	Keywords = {Astrophysics - Instrumentation and Methods for Astrophysics, Physics - Data Analysis, Statistics and Probability},
	Month = aug,
	Primaryclass = {astro-ph.IM},
	Title = {{Data analysis recipes: Fitting a model to data}},
	Year = 2010}

@book{Press:2007,
	Author = {Press, William H},
	Date-Added = {2015-03-13 16:54:24 +0000},
	Date-Modified = {2015-03-13 16:54:26 +0000},
	Publisher = {Cambridge university press},
	Title = {Numerical recipes 3rd edition: The art of scientific computing},
	Year = {2007}}

@book{MacKay:2003,
	Author = {MacKay, David JC},
	Date-Added = {2015-03-13 16:53:46 +0000},
	Date-Modified = {2015-03-13 16:53:47 +0000},
	Publisher = {Citeseer},
	Title = {Information theory, inference, and learning algorithms},
	Volume = {7},
	Year = {2003}}

@article{Widrow:2008,
	Adsnote = {Provided by the SAO/NASA Astrophysics Data System},
	Adsurl = {http://adsabs.harvard.edu/abs/2008ApJ...679.1239W},
	Archiveprefix = {arXiv},
	Author = {{Widrow}, L.~M. and {Pym}, B. and {Dubinski}, J.},
	Date-Added = {2015-03-13 16:53:05 +0000},
	Date-Modified = {2015-03-13 16:53:06 +0000},
	Doi = {10.1086/587636},
	Eprint = {0801.3414},
	Journal = {\apj},
	Keywords = {Cosmology: Dark Matter, Galaxy: Kinematics and Dynamics, Methods: n-Body Simulations, Methods: Statistical},
	Month = jun,
	Pages = {1239-1259},
	Title = {{Dynamical Blueprints for Galaxies}},
	Volume = 679,
	Year = 2008,
	Bdsk-Url-1 = {http://dx.doi.org/10.1086/587636}}

@article{Hou:2012,
	Adsnote = {Provided by the SAO/NASA Astrophysics Data System},
	Adsurl = {http://adsabs.harvard.edu/abs/2012ApJ...745..198H},
	Archiveprefix = {arXiv},
	Author = {{Hou}, F. and {Goodman}, J. and {Hogg}, D.~W. and {Weare}, J. and {Schwab}, C.},
	Date-Added = {2015-03-13 16:48:56 +0000},
	Date-Modified = {2015-03-13 16:49:06 +0000},
	Doi = {10.1088/0004-637X/745/2/198},
	Eid = {198},
	Eprint = {1104.2612},
	Journal = {\apj},
	Keywords = {methods: data analysis, methods: numerical, methods: statistical, planetary systems, stars: individual: HIP36616 HIP88048, techniques: radial velocities},
	Month = feb,
	Pages = {198},
	Primaryclass = {astro-ph.IM},
	Title = {{An Affine-invariant Sampler for Exoplanet Fitting and Discovery in Radial Velocity Data}},
	Volume = 745,
	Year = 2012,
	Bdsk-Url-1 = {http://dx.doi.org/10.1088/0004-637X/745/2/198}}

@article{Goodman:2010,
	Author = {Goodman, Jonathan and Weare, Jonathan},
	Date-Added = {2015-03-13 16:47:55 +0000},
	Date-Modified = {2015-03-13 16:47:56 +0000},
	Journal = {Communications in Applied Mathematics and Computational Science},
	Number = {1},
	Pages = {65--80},
	Publisher = {Mathematical Sciences Publishers},
	Title = {Ensemble samplers with affine invariance},
	Volume = {5},
	Year = {2010}}

@article{Widrow:2005,
	Adsnote = {Provided by the SAO/NASA Astrophysics Data System},
	Adsurl = {http://adsabs.harvard.edu/abs/2005ApJ...631..838W},
	Author = {{Widrow}, L.~M. and {Dubinski}, J.},
	Date-Added = {2015-03-13 16:45:25 +0000},
	Date-Modified = {2015-03-13 16:45:25 +0000},
	Doi = {10.1086/432710},
	Eprint = {astro-ph/0506177},
	Journal = {\apj},
	Keywords = {Cosmology: Dark Matter, Galaxies: Individual: Messier Number: M31, Galaxies: Structure, Galaxy: General, Methods: n-Body Simulations},
	Month = oct,
	Pages = {838-855},
	Title = {{Equilibrium Disk-Bulge-Halo Models for the Milky Way and Andromeda Galaxies}},
	Volume = 631,
	Year = 2005,
	Bdsk-Url-1 = {http://dx.doi.org/10.1086/432710}}

@book{Gregory:2005,
	Adsnote = {Provided by the SAO/NASA Astrophysics Data System},
	Adsurl = {http://adsabs.harvard.edu/abs/2005blda.book.....G},
	Author = {{Gregory}, P.~C.},
	Booktitle = {Bayesian Logical Data Analysis for the Physical Sciences: A Comparative Approach with `Mathematica' Support.~Edited by P.~C.~Gregory.~ISBN 0 521 84150 X (hardback); QA279.5.G74 2005 519.5'42 -- dc22; 200445930.~Published by Cambridge University Press, Cambridge, UK, 2005.},
	Date-Added = {2015-03-13 16:35:58 +0000},
	Date-Modified = {2015-03-13 16:36:00 +0000},
	Month = apr,
	Publisher = {Cambridge University Press},
	Title = {{Bayesian Logical Data Analysis for the Physical Sciences: A Comparative Approach with `Mathematica' Support}},
	Year = 2005}

@article{Dunkley:2005,
	Adsnote = {Provided by the SAO/NASA Astrophysics Data System},
	Adsurl = {http://adsabs.harvard.edu/abs/2005MNRAS.356..925D},
	Author = {{Dunkley}, J. and {Bucher}, M. and {Ferreira}, P.~G. and {Moodley}, K. and {Skordis}, C.},
	Date-Added = {2015-03-13 16:33:26 +0000},
	Date-Modified = {2015-03-13 16:33:48 +0000},
	Doi = {10.1111/j.1365-2966.2004.08464.x},
	Eprint = {astro-ph/0405462},
	Journal = {\mnras},
	Keywords = {methods: data analysis, methods: statistical, cosmic microwave background},
	Month = jan,
	Pages = {925-936},
	Title = {{Fast and reliable Markov chain Monte Carlo technique for cosmological parameter estimation}},
	Volume = 356,
	Year = 2005,
	Bdsk-Url-1 = {http://dx.doi.org/10.1111/j.1365-2966.2004.08464.x}}

@article{Foreman-Mackey:2013,
	Adsnote = {Provided by the SAO/NASA Astrophysics Data System},
	Adsurl = {http://adsabs.harvard.edu/abs/2013PASP..125..306F},
	Archiveprefix = {arXiv},
	Author = {{Foreman-Mackey}, D. and {Hogg}, D.~W. and {Lang}, D. and {Goodman}, J.},
	Date-Modified = {2015-03-13 16:34:13 +0000},
	Doi = {10.1086/670067},
	Eprint = {1202.3665},
	Journal = {\pasp},
	Keywords = {Data Analysis and Techniques},
	Month = mar,
	Pages = {306-312},
	Primaryclass = {astro-ph.IM},
	Title = {{emcee: The MCMC Hammer}},
	Volume = 125,
	Year = 2013,
	Bdsk-Url-1 = {http://dx.doi.org/10.1086/670067}}
